%
% web.bib
%
% Referencias Web
%

@MISC{WebGoogle,
title = "Google",
note = "http://www.google.com/"
}


